<?xml version="1.0" encoding="UTF-8"?>
<collection>
   <record>
      <leader>12297cam a22006014a 4500</leader>
      <controlfield tag="001">9915458890407426</controlfield>
      <controlfield tag="005">20221101212939.0</controlfield>
      <controlfield tag="008">040223s2004    enka     b    001 0 eng  </controlfield>
      <datafield tag="010" ind1=" " ind2=" ">
         <subfield code="a">  2004004234</subfield>
      </datafield>
      <datafield tag="015" ind1=" " ind2=" ">
         <subfield code="a">GBA2U0165</subfield>
         <subfield code="2">bnb</subfield>
      </datafield>
      <datafield tag="016" ind1="7" ind2=" ">
         <subfield code="a">CAT30932253</subfield>
         <subfield code="2">DNAL</subfield>
      </datafield>
      <datafield tag="016" ind1="7" ind2=" ">
         <subfield code="a">101232091</subfield>
         <subfield code="2">DNLM</subfield>
      </datafield>
      <datafield tag="016" ind1="7" ind2=" ">
         <subfield code="a">012270788</subfield>
         <subfield code="2">Uk</subfield>
      </datafield>
      <datafield tag="019" ind1=" " ind2=" ">
         <subfield code="a">857199760</subfield>
      </datafield>
      <datafield tag="020" ind1=" " ind2=" ">
         <subfield code="a">0632052627</subfield>
         <subfield code="q">(pbk. ;</subfield>
         <subfield code="q">alk. paper)</subfield>
      </datafield>
      <datafield tag="020" ind1=" " ind2=" ">
         <subfield code="a">9780632052622</subfield>
         <subfield code="q">(pbk. ;</subfield>
         <subfield code="q">alk. paper)</subfield>
      </datafield>
      <datafield tag="035" ind1=" " ind2=" ">
         <subfield code="a">932253</subfield>
      </datafield>
      <datafield tag="035" ind1=" " ind2=" ">
         <subfield code="a">(OCoLC)54536814</subfield>
         <subfield code="z">(OCoLC)857199760</subfield>
      </datafield>
      <datafield tag="035" ind1=" " ind2=" ">
         <subfield code="a">(DNAL)932253-naldb-Voyager</subfield>
      </datafield>
      <datafield tag="035" ind1=" " ind2=" ">
         <subfield code="z">(OCoLC)857199760</subfield>
      </datafield>
      <datafield tag="040" ind1=" " ind2=" ">
         <subfield code="a">DLC</subfield>
         <subfield code="b">eng</subfield>
         <subfield code="c">DLC</subfield>
         <subfield code="d">CUX</subfield>
         <subfield code="d">NLM</subfield>
         <subfield code="d">AGL</subfield>
         <subfield code="d">BAKER</subfield>
         <subfield code="d">MUQ</subfield>
         <subfield code="d">BTCTA</subfield>
         <subfield code="d">YDXCP</subfield>
         <subfield code="d">UBA</subfield>
         <subfield code="d">AU@</subfield>
         <subfield code="d">IG#</subfield>
         <subfield code="d">OCLCQ</subfield>
         <subfield code="d">UKMGB</subfield>
         <subfield code="d">BDX</subfield>
         <subfield code="d">OCLCF</subfield>
         <subfield code="d">OCLCO</subfield>
         <subfield code="d">OCLCQ</subfield>
         <subfield code="d">LVT</subfield>
         <subfield code="d">OCLCQ</subfield>
         <subfield code="d">OCLCO</subfield>
      </datafield>
      <datafield tag="042" ind1=" " ind2=" ">
         <subfield code="a">pcc</subfield>
      </datafield>
      <datafield tag="049" ind1=" " ind2=" ">
         <subfield code="a">AGLL</subfield>
      </datafield>
      <datafield tag="050" ind1="0" ind2="0">
         <subfield code="a">SF959.R47</subfield>
         <subfield code="b">.B66 2004</subfield>
      </datafield>
      <datafield tag="070" ind1="0" ind2=" ">
         <subfield code="a">SF959.R47</subfield>
         <subfield code="b">B66 2004</subfield>
      </datafield>
      <datafield tag="100" ind1="1" ind2=" ">
         <subfield code="a">Rush, Bonnie.</subfield>
      </datafield>
      <datafield tag="245" ind1="1" ind2="0">
         <subfield code="a">Equine respiratory diseases /</subfield>
         <subfield code="c">Bonnie Rush and Tim Mair.</subfield>
      </datafield>
      <datafield tag="250" ind1=" " ind2=" ">
         <subfield code="a">1st ed.</subfield>
      </datafield>
      <datafield tag="260" ind1=" " ind2=" ">
         <subfield code="a">Oxford, UK ;</subfield>
         <subfield code="a">Malden, MA :</subfield>
         <subfield code="b">Blackwell Science,</subfield>
         <subfield code="c">2004.</subfield>
      </datafield>
      <datafield tag="300" ind1=" " ind2=" ">
         <subfield code="a">xx, 322 pages :</subfield>
         <subfield code="b">illustrations ;</subfield>
         <subfield code="c">25 cm</subfield>
      </datafield>
      <datafield tag="336" ind1=" " ind2=" ">
         <subfield code="a">text</subfield>
         <subfield code="b">txt</subfield>
         <subfield code="2">rdacontent</subfield>
      </datafield>
      <datafield tag="337" ind1=" " ind2=" ">
         <subfield code="a">unmediated</subfield>
         <subfield code="b">n</subfield>
         <subfield code="2">rdamedia</subfield>
      </datafield>
      <datafield tag="338" ind1=" " ind2=" ">
         <subfield code="a">volume</subfield>
         <subfield code="b">nc</subfield>
         <subfield code="2">rdacarrier</subfield>
      </datafield>
      <datafield tag="504" ind1=" " ind2=" ">
         <subfield code="a">Includes bibliographical references and index.</subfield>
      </datafield>
      <datafield tag="505" ind1="0" ind2="0">
         <subfield code="t">Machine derived contents note: Contents -- Introduction -- Section I: Examination of the Equine Respiratory Tract -- Chapter 1: Examination of the Upper Respiratory Tract -- Chapter 2: Examination of the Lower Respiratory Tract -- Section II: Noncontagious Diseases of the Upper Respiratory Tract -- Chapter 3: Diseases Causing Airway Obstruction in the Horse -- Pathophysiology -- Respiration and Locomotion -- Respiratory Noise -- Diagnosis of Airway Obstruction -- History -- Palpation Tests -- Endoscopy at Rest -- Radiographic Examination -- Exercise Tests -- Treadmill Endoscopy -- Spectrum Analysis of Respiratory Sounds -- Further Reading -- Chapter 4: The Nasal Cavity and Paranasal Sinuses -- Anatomy -- Nasal Cavity -- Paranasal Sinuses -- Function -- Examination of the Nasal Cavity and Paranasal Sinuses -- Common Presenting Signs -- History -- Physical Examination -- Endoscopic Examination -- Radiographic Examination -- Computed Tomography (CT) and Magnetic Resonance Imaging (MRI) -- Nuclear Scintigraphy -- Percutaneous Centesis -- Surgical Exploration and Biopsy -- Treatment Objectives in Nasal and Sinus Disease -- Medical Management -- Trephination of the Paranasal Sinuses -- Bone Flap Surgery -- Further Reading -- Chapter 5: Congenital and Developmental Malformations of the Nasal Cavity -- Wry Nose -- Nasal Septal Deviation -- Choanal Atresia/Stenosis -- Further Reading -- Chapter 6: Diseases Affecting the Nostrils (External Nares) -- Hypertrophy of Alar Folds/Redundant Alar Folds -- Epidermal Inclusion Cyst ("Atheroma") of the False Nostril -- Lacerations and Wounds of the Nostrils -- Alar Cartilage Necrosis -- Paralysis of the Nostrils -- Further Reading -- Chapter 7: Diseases of the Nasal Cavity and Paranasal Sinuses -- Primary and Secondary Sinusitis and Sinus Empyema -- Clinical Signs -- Diagnosis -- Treatment -- Prognosis -- Progressive Ethmoidal Hematoma -- Clinical Signs -- Diagnosis -- Treatment -- Prognosis -- Paranasal Sinus Cysts -- Clinical Signs -- Diagnosis -- Treatment -- Prognosis -- Fungal Rhinitis and Sinusitis -- Cryptococcosis -- Rhinosporidiosis -- Phycomycosis -- Coccidioidomycosis -- Aspergillosis -- Sinus and Nasal Neoplasia and Polyps -- Clinical Sgns -- Diagnosis -- Treatment -- Prognosis -- Amyloidosis -- Conchal Necrosis and Metaplasia -- Intranasal Foreign Bodies -- Facial and Sinus Trauma -- Subcutaneous Emphysema -- Further Reading -- Chapter 8: The Guttural Pouches -- Anatomy and Function of the Guttural Pouches -- Signs of Guttural Pouch Diseases -- Examination of the Guttural Pouches -- Palpation -- Endoscopic Examination -- Radiographic Examination -- Cytology -- Other Diagnostic Imaging Techniques -- Surgical Approaches to the Guttural Pouches -- Hyovertebrotomy -- Viborg's Triangle -- Paralaryngeal (Whitehouse) Approach -- Modified Whitehouse Approach -- Topical Treatment of the Guttural Pouches -- Guttural Pouch Tympany -- Clinical Signs and Diagnosis -- Treatment -- Prognosis -- Diverticulitis of the Guttural Pouch -- Strangles -- Chronic Gutteral Ppouch Empyema and Chondroids -- Chronic Diverticulitis -- Guttural Pouch Mycosis -- Clinical Signs -- Diagnosis -- Treatment -- Prognosis -- Other Disorders of the Guttural Pouches -- Foreign Bodies -- Neoplasia -- Further Reading -- Chapter 9: The Pharynx -- Anatomy -- Dorsal Displacement of the Soft Palate -- Extrinsic Factors -- Intrinsic Factors -- Clinical Signs -- Diagnosis -- Treatment -- Conservative Measures and Medical Treatments -- Surgical Treatments -- Staphylectomy -- Strap Muscle Resection -- Llewellyn Procedure$em$Sternothyroid Muscle Resection and -- Staphylectomy -- Epiglottic Augmentation -- Tension Palatoplasty -- Laryngeal Tie-forward -- Prognosis -- Pharyngeal Lymphoid Hyperplasia -- Clinical Signs -- Diagnosis -- Treatment -- Nasopharyngeal Cicatrices -- Clinical Signs -- Diagnosis -- Treatment -- Cleft Palate (Palatoschisis) -- Clinical Signs -- Diagnosis -- Treatment -- Prognosis -- Subepiglottic, Pharyngeal, and Palatal Cysts -- Clinical Signs -- Diagnosis -- Treatment -- Prognosis -- Pharyngeal Paralysis -- Pharyngeal Neoplasia -- Pharyngeal Trauma -- Pharyngeal and Retropharyngeal Foreign Bodies -- Clinical Signs -- Diagnosis -- Treatment -- Retropharyngeal Abscess -- Clinical Signs -- Diagnosis -- Treatment -- Prognosis -- Further Reading -- Chapter 10: The Larynx -- Anatomy and Function -- Idiopathic Laryngeal Hemiplegia/Recurrent Laryngeal Neuropathy -- Prevalence -- Clinical Signs -- Diagnosis -- Treatment -- Ventriculectomy and Cordectomy -- Prosthetic Laryngoplasty -- Temporary Tracheotomy Tubing -- Permanent Tracheostomy -- Arytenoidectomy -- Laryngeal Reinnervation -- Prognosis -- Right Laryngeal Hemiplegia -- Epiglottal Entrapment -- Clinical Signs -- Diagnosis -- Treatment -- Prognosis -- Arytenoid Chondropathy (Arytenoid Chondritis; Arytenoid Chondrosis) -- Clinical Signs -- Diagnosis -- Treatment -- Prognosis -- Laryngeal Neoplasia -- Fourth Branchial Arch Defects -- Clinical Signs -- Diagnosis -- Treatment -- Prognosis -- Epiglottic Flaccidity -- Clinical Signs -- Diagnosis -- Treatment -- Prognosis -- Epiglottic Hypoplasia -- Clinical Signs -- Diagnosis -- Treatment -- Prognosis -- Epiglottitis -- Clinical Signs -- Diagnosis -- Treatment -- Prognosis -- Dorsal Epiglottic Abscess -- Persistent Frenulum of the Epiglottis -- Laryngeal Web -- Perilaryngeal Accessory Bronchial Cyst -- Further Reading -- Chapter 11: Dynamic Airway Collapse During Exercise -- Pharyngeal Collapse -- Dynamic Dorsal Displacement of the Soft Palate -- Intermittant Epiglottal Entrapment -- Aryepiglottic Fold Collapse (Axial Deviation of the Aryepiglottic Folds) -- Clinical Signs -- Diagnosis -- Treatment -- Prognosis -- Epiglottic Retroversion -- Dynamic Rostral Displacement of the Palatopharyngeal Arch -- Dynamic Laryngeal Collapse -- Further Reading -- Chapter 12: Postanesthetic Upper Respiratory Tract Obstruction -- Nasal Edema -- Bilateral Laryngeal Paralysis -- Further Reading -- Chapter 13: The Trachea -- Anatomy -- Tracheal Examination -- Surgery of the Trachea -- Tracheotomy Intubation -- Permanent Tracheostomy -- Tracheal Resection and Anastomosis -- External Prosthesis to Stent Collapsed Tracheal Cartilages -- Laser Surgery -- Congenital Tracheal Collapse (Collapsed Trachea) -- Clinical Signs -- Diagnosis -- Treatment -- Tracheal Stenosis -- Clinical Signs -- Diagnosis -- Treatment -- External Compression and Stenosis of the Trachea -- Tracheal Wounds -- Tracheal Neoplasia -- Intratracheal Prolapse of the Cricotracheal Membrane -- Tracheobronchial Foreign Body -- Further Reading -- Section III: Contagious Respiratory Diseases -- Chapter 14: Strangles -- Etiology and Pathogenesis -- Epidemiology -- Clinical Signs -- Complications and Sequela -- Diagnosis -- Treatment -- Control of an Outbreak -- Prevention -- Further Reading -- Chapter 15: Equine Herpesvirus (Rhinopneumonitis) -- Equine Herpesvirus 4 (EHV-4) -- Equine Herpesvirus 1 (EHV-1) -- Diagnosis -- Treatment -- Prevention -- Equine Herpesvirus 2 -- Chapter 16: Equine Influenza -- Diagnosis and Treatment -- Prevention of Influenza -- Chapter 17: Equine Viral Arteritis (EVA) -- Diagnosis and Treatment -- Prevention of EVA -- Chapter 18: Other Contagious Respiratory Diseases -- Hendra Virus (Equine Morbillivirus) -- Adenovirus -- African Horse Sickness -- Further Reading -- Section IV: Noninfectious Pulmonary Diseases and Diagnostic Techniques -- Chapter 19: Noninfectious Pulmonary Diseases -- Recurrent Airway Obstruction (Heaves) -- Diagnosis -- Treatment -- Respiratory Distress at Rest -- Systemic Corticosteroid Therapy -- Bronchodilator Therapy -- Mild to Moderate Airway Obstruction -- Aerosolized Corticosteroids -- Adrenal Suppression -- Long-acting Bronchodilator Therapy -- Maintenance Therapy -- Response to Therapy -- Stable Hygiene -- Summer Pasture-Associated Obstructive Pulmonary Disease -- Interstitial Pneumonias -- Lungworms -- Inflammatory Airway</subfield>
      </datafield>
      <datafield tag="505" ind1="0" ind2="0">
         <subfield code="t">Disease (IAD) -- Diagnosis -- Treatment -- Exercise-Induced Pulmonary Hemorrhage -- Diagnosis -- Treatment -- Thoracic Neoplasia -- Smoke Inhalation -- Diagnosis -- Treatment -- Immunostimulant Therapy -- Bacterial and Viral Products -- Propionibacterium acnes -- Mycobacterium -- Parapoxvirus ovis -- Synthetic Immunostimulants -- Levamisole Phosphate -- Endogenous Immunostimulants -- Interferon-alpha -- Further Reading -- Chapter 20: Techniques: Noninfectious Lower Respiratory Tract -- Endoscopic Examination of the Lower Respiratory Tract -- Arterial Blood Gas Evaluation -- Bronchoalveolar Lavage -- Lung Biopsy -- Technique -- Complications -- Advanced Respiratory Techniques -- Aerosol Delivery Devices -- Mechanical Nebulizers -- Dry Powder Inhalant (DPI) Devices -- Further Reading -- Section V: Lower Respiratory Tract Infectious Disease and Diagnostic -- Techniques -- Chapter 21: Juvenile Pneumonia -- Rhodoccocus equi -- Clinical Signs -- Diagnosis -- Treatment -- Prevention -- Pneumocystis carini -- Bronchointerstitial Pneumonia -- Further Reading -- Chapter 22: Pneumonia in Adult Horses -- Bacterial Pneumonia/Pleuropneumonia -- Clinical Signs -- Diagnosis -- Thoracic Ultrasound -- Thoracocentesis -- Thoracic Radiographs -- Treatment -- Thoracostomy -- Complications -- Prognosis -- Fungal Pneumonia -- Pulmonary Metacestode Infection -- Further Reading -- Chapter 23: Techniques for Infectious Respiratory Disease -- Transtracheal Aspiration -- Thoracic Ultrasound -- Thoracocentesis -- Thoracic Radiography -- Further Reading -- Index.</subfield>
      </datafield>
      <datafield tag="520" ind1="1" ind2=" ">
         <subfield code="a">"This book brings all the major equine respiratory diseases together in one single concise volume. Written by two leading equine experts, it enables the reader to relate clinical anatomy, physiology and pathology to clinical signs seen, and to form a rational basis for the control, treatment and prevention of respiratory diseases. Essential reading for all those working in or studying equine medicine, Equine Respiratory Diseases also includes: diagnostic tests for infectious and non-infectious respiratory disease; details of techniques involved when testing for respiratory diseases; step-by-step practical instructions for carrying out procedures; and numerous colour pictures."--BOOK JACKET.</subfield>
      </datafield>
      <datafield tag="591" ind1=" " ind2=" ">
         <subfield code="b">NAL Reclamation</subfield>
      </datafield>
      <datafield tag="650" ind1=" " ind2="0">
         <subfield code="a">Horses</subfield>
         <subfield code="x">Diseases.</subfield>
         <subfield code="0">http://id.loc.gov/authorities/subjects/sh85062163</subfield>
      </datafield>
      <datafield tag="650" ind1=" " ind2="0">
         <subfield code="a">Respiratory organs</subfield>
         <subfield code="x">Diseases.</subfield>
         <subfield code="0">http://id.loc.gov/authorities/subjects/sh85113200</subfield>
      </datafield>
      <datafield tag="650" ind1="1" ind2="2">
         <subfield code="a">Respiratory Tract Diseases</subfield>
         <subfield code="x">veterinary</subfield>
      </datafield>
      <datafield tag="650" ind1="1" ind2="2">
         <subfield code="a">Horses</subfield>
      </datafield>
      <datafield tag="700" ind1="1" ind2=" ">
         <subfield code="a">Mair, Tim S.</subfield>
      </datafield>
      <datafield tag="912" ind1=" " ind2=" ">
         <subfield code="a">nalcatalog</subfield>
      </datafield>
      <datafield tag="930" ind1=" " ind2=" ">
         <subfield code="a">20050223</subfield>
         <subfield code="b">20050301</subfield>
         <subfield code="c">00000000</subfield>
      </datafield>
      <datafield tag="938" ind1=" " ind2=" ">
         <subfield code="a">Baker &amp; Taylor</subfield>
         <subfield code="b">BKTY</subfield>
         <subfield code="c">105.99</subfield>
         <subfield code="d">.00</subfield>
         <subfield code="i">0632052627</subfield>
         <subfield code="n">0004142230</subfield>
         <subfield code="s">active</subfield>
      </datafield>
      <datafield tag="938" ind1=" " ind2=" ">
         <subfield code="a">Brodart</subfield>
         <subfield code="b">BROD</subfield>
         <subfield code="n">59949465</subfield>
         <subfield code="c">$114.99</subfield>
      </datafield>
      <datafield tag="938" ind1=" " ind2=" ">
         <subfield code="a">Baker and Taylor</subfield>
         <subfield code="b">BTCP</subfield>
         <subfield code="n">BK0006816493</subfield>
      </datafield>
      <datafield tag="938" ind1=" " ind2=" ">
         <subfield code="a">Ingram</subfield>
         <subfield code="b">INGR</subfield>
         <subfield code="n">9780632052622</subfield>
      </datafield>
      <datafield tag="938" ind1=" " ind2=" ">
         <subfield code="a">YBP Library Services</subfield>
         <subfield code="b">YANK</subfield>
         <subfield code="n">1902124</subfield>
      </datafield>
      <datafield tag="945" ind1=" " ind2=" ">
         <subfield code="d">ssalt</subfield>
         <subfield code="e">2005/02/23</subfield>
      </datafield>
      <datafield tag="946" ind1=" " ind2=" ">
         <subfield code="a">Non-US</subfield>
      </datafield>
      <datafield tag="994" ind1=" " ind2=" ">
         <subfield code="a">92</subfield>
         <subfield code="b">AGL</subfield>
      </datafield>
   </record>
</collection>
